@inproceedings{boucouvalas2015integrating,
  title={Integrating retail and e-commerce using Web Analytics and intelligent sensors},
  author={Boucouvalas, Anthony C and Aivalis, Constantine J and Gatziolis, Kleanthis},
  booktitle={International Conference on E-Business and Telecommunications},
  pages={3--35},
  year={2015},
  organization={Springer}
}
@inproceedings{karim2018customer,
  title={Customer and target individual face analysis for retail analytics},
  author={Karim, Nabil Tahmidul and Jain, Sanjana and Moonrinta, Jednipat and Dailey, Matthew N and Ekpanyapong, Mongkol},
  booktitle={2018 International Workshop on Advanced Image Technology (IWAIT)},
  pages={1--4},
  year={2018},
  organization={IEEE}
}
@article{yaeli2014understanding,
  title={Understanding customer behavior using indoor location analysis and visualization},
  author={Yaeli, Avi and Bak, Peter and Feigenblat, Guy and Nadler, Sima and Roitman, Haggai and Saadoun, Gilad and Ship, Harold J and Cohen, Doron and Fuchs, Omri and Ofek-Koifman, Shila and others},
  journal={IBM Journal of Research and Development},
  volume={58},
  number={5/6},
  pages={3--1},
  year={2014},
  publisher={IBM}
}
@book{provost2013data,
  title={Data Science for Business: What you need to know about data mining and data-analytic thinking},
  author={Provost, Foster and Fawcett, Tom},
  year={2013},
  publisher={" O'Reilly Media, Inc."}
}
@misc{deyle2015global,
  title={The Global Retail Theft Barometer},
  author={Deyle, Ernie},
  year={2015},
  publisher={Thorofore, NJ: Checkpoint Systems}
}
@misc{nielsen2018neural,
  title={Neural Networks and Deep Learning.[online] Neuralnetworksanddeeplearning. com},
  author={Nielsen, Michael},
  year={2018}
}
@article{redmon2018yolov3,
  title={Yolov3: An incremental improvement},
  author={Redmon, Joseph and Farhadi, Ali},
  journal={arXiv preprint arXiv:1804.02767},
  year={2018}
}
@article{mcculloch1943logical,
  title={A logical calculus of the ideas immanent in nervous activity},
  author={McCulloch, Warren S and Pitts, Walter},
  journal={The bulletin of mathematical biophysics},
  volume={5},
  number={4},
  pages={115--133},
  year={1943},
  publisher={Springer}
}
@book{rojas2013neural,
  title={Neural networks: a systematic introduction},
  author={Rojas, Ra{\'u}l},
  year={2013},
  publisher={Springer Science \& Business Media}
}

@article{lecun2015deep,
  title={Deep learning},
  author={LeCun, Yann and Bengio, Yoshua and Hinton, Geoffrey},
  journal={nature},
  volume={521},
  number={7553},
  pages={436},
  year={2015},
  publisher={Nature Publishing Group}
}
@inproceedings{senior2007video,
  title={Video analytics for retail},
  author={Senior, Andrew W and Brown, L and Hampapur, Arun and Shu, C-F and Zhai, Yun and Feris, Rog{\'e}rio Schmidt and Tian, Y-L and Borger, Sergio and Carlson, C},
  booktitle={2007 IEEE Conference on Advanced Video and Signal Based Surveillance},
  pages={423--428},
  year={2007},
  organization={IEEE}
}

@inproceedings{gajjar2017human,
  title={Human detection and tracking for video surveillance: A cognitive science approach},
  author={Gajjar, Vandit and Gurnani, Ayesha and Khandhediya, Yash},
  booktitle={Proceedings of the IEEE International Conference on Computer Vision},
  pages={2805--2809},
  year={2017}
}
@inproceedings{ellis2002performance,
  title={Performance metrics and methods for tracking in surveillance},
  author={Ellis, Tim},
  booktitle={Proceedings of the 3rd IEEE International Workshop on Performance Evaluation of Tracking and Surveillance (PETSâ€™02)},
  pages={26--31},
  year={2002}
}
@inproceedings{haritaoglu2001detection,
  title={Detection and tracking of shopping groups in stores},
  author={Haritaoglu, Ismail and Flickner, Myron},
  booktitle={Proceedings of the 2001 IEEE Computer Society Conference on Computer Vision and Pattern Recognition. CVPR 2001},
  volume={1},
  pages={I--I},
  year={2001},
  organization={IEEE}
}
@inproceedings{leykin2007detecting,
  title={Detecting shopper groups in video sequences},
  author={Leykin, Alex and Tuceryan, Mihran},
  booktitle={2007 IEEE Conference on Advanced Video and Signal Based Surveillance},
  pages={417--422},
  year={2007},
  organization={IEEE}
}